@phdthesis{Nogueira2013,
  author = {Nogueira, T. M.},
  title = {Organização Flexível de Documentos},
  school = {ICMC-USP},
  year = {2013}
}
@article{Nogueira2010,
  abstract = {This work presents the integration of a fuzzy method and text mining to obtain an approach that enables the text documents classification to be closer to the user needs. The aim of this work is to develop a mechanism to reduce the high dimensionality of the attribute-value matrix obtained from the documents and, with this, to manage the imprecision and uncertainty using fuzzy rules to classify text documents. Some experiments have been run using different domains in order to validate the proposed approach and to compare the results with the ones obtained with the Ibk, J48, Naive Bayes and OneR classification methods. The advantages of the method, the experiments and the results obtained are discussed.},
  author = {Nogueira, T. M. and Rezende, S.O. and Camargo, H.a.},
  file = {:home/niltonvasques/Documents/UFBA/Lab. Intelig\^{e}ncia Artificial/trabalho2/doc/references/tatiane 1569326723.pdf:pdf},
  isbn = {9781424473656},
  journal = {Hybrid Intelligent Systems (HIS), 2010 10th International Conference on},
  keywords = {fuzzy logic,imprecision,text categorization,text mining,uncertainty},
  pages = {19--24},
  title = {{On the use of fuzzy rules to text document classification}},
  year = {2010}
}
@article{Carvalho2016,
  author = {Carvalho, N. V. Jr. and Nogueira, T. M. and Rezende, S.O. and Camargo, H.a.},
  journal ={IEEE International Conference on Fuzzy Systems (FUZZ-IEEE)},
  keywords = {fuzzy clustering, possibilistic clustering, flexible organization, documents, text mining},
  title = {{Flexible Document Organization by Mixing Fuzzy and Possibilistic Clustering algorithms}},
  year = {2016},
  pages = {1-8}
}

@article{babuska98,
  author = {BABUSKA, Robert.},
  title = {{Fuzzy Modeling for Control}},
  journal = {Kluwer Academic Publishers},
  year = {1998}
}

@article{bezdek:92,
  author = {Bezdek, J. C. e Pal, N. R.},
  year = {1992},
  title = {Fuzzy Models for Pattern Recognition},
  journal = {IEEE Press, 1º Edição},
  pages = {17}
}

@article{pal,
  author = {Pal, N. R. and Pal, K. and Keller, J. M. and Bezdek, J.C.},
  year = {2005},
  title = { A possibilistic fuzzy c-means clustering algorithm }
}

@article{zupan:97,
  author = {Zupan, B. and Bohanec, M. and Bratko, I and Demsar, J.},
  title = {{Machine Learning by Function Decomposition}},
  journal = {ICML},
  year = {1997},
  link = { https://archive.ics.uci.edu/ml/datasets/Car+Evaluation}

}

@article{lima:05,
  author = {Lima, T. S.},
  title = {{Estudo Comparativo dos Algoritmos de Classifica{\c c}\~ao da Ferramenta WEKA}},
  journal = {Centro Universit\'ario Luterano de Palmas},
  year = {2005}
}

@Book{weka:09,
  author = {Hall, M. and Frank, E. and Holmes, G. and Pfahringer, B. and Reutemann, P.},
  title = {{The WEKA data Mining Software: An update}},
  publisher = {SIGKDD Explorations},
  year = {2009},
  edition = {11th}
}

@misc{uci:14,
  author = {Frank, A. and Asuncion, A.},
  title = {UCI machine Learning Repository},
  year = {2014},
  howpublished = {\url{https://archive.ics.uci.edu/ml/datasets/Car+Evaluation}}
}

@inproceedings {bohanec,
  author = "M Bohanec and V Rajkovic",
  title = "Knowledge acquisition and explanation for multi-attribute decision making",
  pages = "59--78",
  year = "1988",
  booktitle = "8th Intl Workshop on Expert Systems and their Applications",
} 
@book{demeyer2008,
  Annote = {book},
  Bdsk-url-1 = {http://scg.unibe.ch/download/oorp/},
  Isbn = {978-3-9523341-2-6},
  Keywords = {olit scg08 scg-pub snf-none jb09 skip-doi stefPub mooseCincom moose-pub},
  Medium = {2},
  Peerreview = {no},
  publisher = {Square Bracket Associates},
  Url = {http://scg.unibe.ch/download/oorp/},
  author = {Demeyer, Serge and Ducasse, Stéphane and Nierstrasz, Oscar},
  title = {Object-Oriented Reengineering Patterns},
  year = {2008},
  note = {(This book is available as a free download from http://www.iam.unibe.ch/~scg/OORP/.)},
}


@book{raymond1999,
  author = {Raymond, Eric S.},
  title = {The  Cathedral and the Bazaar},
  year = {1999},
  isbn = {1565927249},
  edition = {1st},
  publisher = {O'Reilly \& Associates, Inc.},
  address = {Sebastopol, CA, USA},
} 
@book{Oliveira:2007,
  author = {Oliveira, Jose Valente de and Pedrycz, Witold},
  title = {Advances in Fuzzy Clustering and its Applications},
  year = {2007},
  isbn = {0470027606},
  publisher = {John Wiley \& Sons, Inc.},
  address = {New York, NY, USA},
}

@article{Krishnapuram:1993,
  author = {Krishnapuram, R. and Keller, J. M.},
  title = {A possibilistic approach to clustering},
  journal = {IEEE Transactions on Fuzzy Systems},
  issue_date = {May 1993},
  volume = {1},
  number = {2},
  year = {1993},
  issn = {1063-6706},
  pages = {98-110},
  numpages = {13},
  doi = {10.1109/91.227387},
  acmid = {2235646},
}

@article{Pal:2005,
  author = {Pal, N. R. and Pal, K. and Keller, J. M. and Bezdek J.C.},
  title = {A possibilistic fuzzy c-means clustering
    algorithm},
  journal = {IEEE Transactions on Fuzzy Systems},
  issue_date = {May 2005},
  volume = {1},
  number = {2},
  year = {2005},
  issn = {1063-6706},
  pages = {98-110},
  numpages = {13},
  doi = {10.1109/91.227387},
  acmid = {2235646},
}

@BOOK{Bezdek1981,
  title = {Pattern Recognition with Fuzzy Objective Function Algorithms},
  publisher = {Kluwer Academic Publishers},
  year = {1981},
  author = {J. C. Bezdek},
  address = {Norwell, MA, USA},
  pages = {256},
}

@inproceedings{Nogueira2011b,
  author = {T. M. Nogueira and H. A. Camargo and Solange O. Rezende},
  title = {Fuzzy cluster descriptor extraction for flexible organization of documents},
  booktitle ={11th International Conference on Hybrid Intelligent Systems},
  year = {2011},
  pages = {528-533},
  doi={10.1109/HIS.2011.6122160},
}

@inproceedings{Nogueira2015,
  author = {T. M. Nogueira and H. A. Camargo and Solange O. Rezende},
  title = {Flexible document organization: Comparing fuzzy and possibilistic approaches},
  booktitle ={IEEE International Conference on Fuzzy Systems (FUZZ-IEEE)},
  year = {2015},
  pages = {1-8},
}

@article{Pal:2005,
  author = {Pal, N. R. and Pal, K. and Keller, J. M. and Bezdek, J. C.},
  title = {A Possibilistic Fuzzy c-Means Clustering Algorithm},
  journal = {IEEE Transactions on Fuzzy Systems},
  issue_date = {August 2005},
  volume = {13},
  number = {4},
  year = {2005},
  issn = {1063-6706},
  pages = {517-530},
  numpages = {14},
  doi = {10.1109/TFUZZ.2004.840099},
  acmid = {2235272},
  publisher = {IEEE Press},
}

@TECHREPORT{pretext2008,
  author = {Soares, M. V. B. and Prati, R. C. and Monard, M. C.},
  title = {\textsc{PreTexT} {II}: Description of Restructuring Tool Preprocessing of Texts},
  institution = {ICMC-USP},
  year = {2008},
  number = {333},
  note = {(in portuguese)},
}

@InProceedings{Hayes1990,
  author = "Philip J. Hayes and Steven P. Weinstein",
  booktitle = "2nd Annual Conference on Innovative Applications of Artificial Intelligence.",
  citeulike-article-id = "563056",
  keywords = "bibtex-import, nlp",
  pages = "1--5",
  posted-at = "2006-03-25 16:40:13",
  priority = "2",
  title = "CONSTRUE/{T}{I}{S}: A system for content-based indexing of a database of news stories.",
  year = "1990"
}

@inproceedings{Ganesan2010,
  author = {Kavita Ganesan and ChengXiang Zhai and Jiawei Han},
  title = {Opinosis: A Graph Based Approach to Abstractive Summarization of Highly Redundant Opinions},
  booktitle = {Proceedings of the 23rd International Conference on Computational Linguistics (COLING), 2010},
  year = {2010},
  pages = {340-348}
}

@misc{Frank2010,
  author = "A. Frank and A. Asuncion",
  year = "2010",
  title = "{UCI} Machine Learning Repository",
  url = "[http://archive.ics.uci.edu/ml]",
  institution = "University of California, Irvine, School of Information and Computer Sciences"}

  @inproceedings{Han:1998,
    author = {Han, Eui-Hong and Boley, Daniel and Gini, Maria and Gross, Robert and Hastings, Kyle and Karypis, George and Kumar, Vipin and Mobasher, Bamshad and Moore, Jerome},
    title = {WebACE: a Web agent for document categorization and exploration},
    booktitle = {Proceedings of the second international conference on Autonomous agents},
    year = {1998},
    pages = {408--415},
  }

@InProceedings{Lang95,
  author = "Ken Lang",
  title = "Newsweeder: Learning to filter netnews",
  year = 1995,
  booktitle = "Proceedings of the Twelfth International Conference on Machine Learning",
  pages = "331--339"
}

@Article{weka,
  address = "New York, NY, USA",
  author = "Mark Hall and Eibe Frank and Geoffrey Holmes and Bernhard Pfahringer and Peter Reutemann and Ian H. Witten",
  journal = "SIGKDD Explorations",
  month = nov,
  number = "1",
  pages = "10--18",
  publisher = "ACM",
  title = "{The WEKA data mining software: an update}",
  volume = "11",
  year = "2009",
}

@article{Chen:2010,
  author = {Chun-Ling Chen  and Frank S. C. Tseng and Tyne Liang},
  title = {Mining fuzzy frequent itemsets for hierarchical document clustering},
  journal = {Information Processing and Management},
  volume = {46},
  issue = {2},
  month = {March},
  year = {2010},
  issn = {0306-4573},
  pages = {193--211},
}

@ARTICLE{Saracoglu2008,
  author = {R. Saracoglu and K. TuTuncu and N. Allahverdi},
  title = {A new approach on search for similar documents with multiple categories using fuzzy clustering},
  journal = {Expert Systems with Applications},
  year = {2008},
  volume = {34},
  pages = {2545-2554},
}

@article{Eyke2011,
  title = "Fuzzy sets in machine learning and data mining",
  journal = "Applied Soft Computing",
  volume = "11",
  number = "2",
  pages = "1493 - 1505",
  year = "2011",
  issn = "1568-4946",
  doi = "10.1016/j.asoc.2008.01.004",
  author = "Eyke and H�llermeier",
}

@article{Bordogna2011,
  author = {Gloria Bordogna and Gabriella Pasi},
  title = {Soft clustering for information retrieval applications},
  journal = {Wiley Interdisciplinary Reviews: Data Mining and Knowledge Discovery},
  volume = {1},
  number = {2},
  publisher = {John Wiley \& Sons, Inc.},
  issn = {1942-4795},
  pages = {138-146},
  year = {2011},
}



@BOOK{Feldman2007,
  title = {The text mining handbook: Advanced approaches in analyzing unstructured data},
  year = {2007},
  publisher = {Cambridge University Press},
  author = {Ronen Feldman and James Sanger},
}

@article{CampelloHruska2006,
  author = "R.J.G.B. Campello and E.R. Hruschka",
  title = "A fuzzy extension of the silhouette width criterion for cluster analysis",
  journal = "Fuzzy Sets and Systems",
  volume = "157",
  number = "21",
  pages = "2858 - 2875",
  year = "2006",
}

@ARTICLE{Herrera2001,
  author = {E. Herrera-Viedma},
  title = {Modeling the retrieval process for an information retrieval system using an ordinal fuzzy linguistic approach},
  journal = {Journal of the American Society for Information Science and Technology},
  year = {2001},
  volume = {52},
  number = {6},
  pages = {460-475},
  owner = {Tatiane},
}

@InProceedings{Chowdhury2010,
  author={C.R. Chowdhury and P. Bhuyan},
  booktitle={3rd IEEE International Conference on Computer Science and Information Technology}, 
  title={Information retrieval using fuzzy c-means clustering and modified vector space model},
  year={2010},
  volume={1},
  pages={696-700},
}

@ARTICLE{kraft2006,
  author = {Donald H. Kraft and Gabriella Pasi and Gloria Bordogna},
  title = {Vagueness and Uncertainty in information Retrieval: How can Fuzzy Sets Help?},
  journal = {Proceedings of the 2006 International Workshop on Research Issues in Digital Libraries},
  year = {2006},
  isbn = {1-59593-608-4},
  volume = {},
  pages = {1--10},
  doi = {http://doi.acm.org/10.1145/1364742.1364746},
  publisher = {ACM},
  address = {New York, NY, USA},
}



@inproceedings{Tagarelli2008,
  author = {Tagarelli, Andrea and Karypis, George},
  booktitle = {Text Mining Workshop, SIAM Datamining Conference, 2008},
  title = {A Segment-based Approach To Clustering Multi-Topic Documents},
  pages = {1-12},
  year = {2008}
}

@inproceedings{Deng2010,
  author={J. Deng and J. Hu and H. Chi and J. Wu},
  year={2010},
  title={An improved fuzzy clustering method for text mining},
  booktitle={The 2nd International Conference on Networks Security, Wireless Communications and Trusted Computing (NSWCTC), 2010},
  volume={1},
  pages={65-69},
}

@inproceedings{Zhang2009,
  author = {Chengzhi Zhang},
  title = {Document Clustering Description Based on Combination Strategy},
  booktitle = {Proceedings of the International Conference on Innovative Computing, Information and Control},
  volume = {0},
  isbn = {978-0-7695-3873-0},
  year = {2009},
  pages = {1084-1088},
}

@inproceedings{Zhang:2009b,
  author = {Zhang, Chengzhi and Wang, Huilin and Liu, Yao and Xu, Hongjiao},
  title = {Document Clustering Description Extraction and Its Application},
  booktitle = {Proceedings of the 22nd International Conference on Computer Processing of Oriental Languages. Language Technology for the Knowledge-based Economy},
  year = {2009},
  isbn = {978-3-642-00830-6},
  pages = {370-377},
} 

@inproceedings{Zamir:1998,
  author = {Zamir, Oren and Etzioni, Oren},
  title = {Web document clustering: a feasibility demonstration},
  booktitle = {Proceedings of the 21st annual international ACM SIGIR (Special Interest Group on Information Retrieval) conference on Research and development in information retrieval},
  year = {1998},
  isbn = {1-58113-015-5},
  pages = {46-54},
  numpages = {9},
} 

@article{Osinski:2005,
  author = {Osinski, Stanislaw and Weiss, Dawid},
  title = {A Concept-Driven Algorithm for Clustering Search Results},
  journal = {IEEE Intelligent Systems},
  issue_date = {May 2005},
  volume = {20},
  number = {3},
  year = {2005},
  issn = {1541-1672},
  pages = {48-54},
}

@BOOK{Salton1983,
  author = {Salton, Gerard and McGill, Michael J.},
  title = {Introduction to Modern Information Retrieval},
  year = {1986},
  isbn = {0070544840},
  publisher = {McGraw-Hill, Inc.},
  address = {New York, NY, USA},
}

@BOOK{klir:1995,
  title = {Fuzzy Sets and Fuzzy Logic: theory and applications},
  publisher = {Prentice-Hall},
  year = {1995},
  author = {G. J. Klir AND B. Yuan},
  edition = {1},
  pages = {574},
}



@INPROCEEDINGS{Nogueira2011,
  author={Nogueira, T.M. and Rezende, S.O. and Camargo, H.A.},
  booktitle={Proceedings of the 11th International Conference on Hybrid Intelligent Systems (HIS)},
  title={Fuzzy cluster descriptor extraction for flexible organization of documents},
  year={2011},
  pages={528-533},
  doi={10.1109/HIS.2011.6122160},
}

@INPROCEEDINGS{Nogueira2012,
  author={Nogueira, T.M. and Camargo, H.A. and Rezende, S.O.},
  booktitle={Proceedings of the 12th International Conference on Intelligent Systems Design and Applications (ISDA)},
  title={Fuzzy cluster descriptors improve flexible organization of documents},
  year={2012},
  pages={616-621},
}

@INPROCEEDINGS{Prade2008,
  author={Mohand Boughanem and Henri Prade and Ourdia Bouidghaghen},
  booktitle={Proceedings of the Information Processing and Management of Uncertainty (IPMU)},
  title={Extracting topics in texts: Towards a fuzzy logic approach},
  year={2008},
  pages={1733-1740},
}

@article{Matsumoto:2012,
  author = {Matsumoto, T. and Hung, E.},
  title = {A transduction-based approach to fuzzy clustering, relevance ranking and cluster label generation on web search results},
  journal = {Journal of Intelligent Information Systems},
  volume = {38},
  number = {2},
  year = {2012},
  issn = {0925-9902},
  pages = {419-448},
  numpages = {30},
  acmid = {2205726},
  publisher = {Kluwer Academic Publishers},
  address = {Hingham, MA, USA},
  keywords = {Fuzzy clustering, Label generation, Relevance transduction, Web search ranking},
}



@article{Fazendeiro:2015,
  author = {Fazendeiro, P. and Oliveira, J. V.},
  title = {Observer-Biased Fuzzy Clustering},
  journal = {IEEE Transactions on Fuzzy Systems},
  volume = {23},
  number = {1},
  year = {2015},
  pages = {85-95},
}

@article{Hongfen:2013,
  author = {Jiang, H. and Ye, F. and Gu, J. and Liu, Y. and Zhu, M. and Chen, D.},
  title = {An Improved Method of Fuzzy Clustering Algorithm and
    Its Application in Text Clustering},
  journal = {Journal of Information \& Computational Science},
  volume = {10},
  number = {2},
  year = {2013},
  pages = {519-526},
}

@article{Haghighi:2009,
  author = {Haghighi, M. S.  and Yazdi, H. S.  and Vahedian, A.},
  title = {A Hierarchical Possibilistic Clustering},
  journal = {International Journal of Computer Theory and Engineering},
  volume = {1},
  number = {4},
  year = {2009},
  pages = {465-472},
}


@article{Tjhi:2007,
  author = {Tjhi, W.-C. and Chen, L.},
  title = {Possibilistic fuzzy co-clustering of large document collections},
  journal = {Pattern Recognition},
  volume = {40},
  year = {2007},
  pages = {3452-3466},
}

@ARTICLE{Tjhi:2009, 
  author={Tjhi, W.-C. and Chen, L.}, 
  journal={IEEE Transactions on Fuzzy Systems}, 
  title={Dual Fuzzy-Possibilistic Coclustering for Categorization of Documents}, 
  year={2009}, 
  volume={17}, 
  number={3}, 
  pages={532-543}, 
  doi={10.1109/TFUZZ.2008.924332}, 
  ISSN={1063-6706},
}

@INPROCEEDINGS{Mei:2014, 
  author={Jian-Ping Mei and Yangtao Wang and Lihui Chen and Chunyan Miao}, 
  booktitle={IEEE International Conference on Fuzzy Systems (FUZZ-IEEE)}, 
  title={Incremental fuzzy clustering for document categorization}, 
  year={2014}, 
  month={July}, 
  pages={1518-1525}, 
  keywords={document handling;fuzzy set theory;pattern clustering;OFCM;SpFCM;benchmark document datasets;data high-dimensionality;data sparsity;document categorization;document data;fuzzy c-means;incremental fuzzy clustering method;online fuzzy c-means;weighted fuzzy co-clustering;Atmospheric measurements;Clustering algorithms;Computers;Educational institutions;Electronic mail;Scalability;Vectors}, 
  doi={10.1109/FUZZ-IEEE.2014.6891554},}

  @INPROCEEDINGS{Honda:2014, 
    author={Honda, K. and Tanaka, D. and Notsu, A.}, 
    booktitle={IEEE International Conference on Fuzzy Systems (FUZZ-IEEE)}, 
    title={Incremental algorithms for fuzzy co-clustering of very large cooccurrence matrix}, 
    year={2014}, 
    month={July}, 
    pages={2494-2499}, 
  }

@INPROCEEDINGS{Wang:2014, 
  author={Yangtao Wang and Lihui Chen and Jian-Ping Mei}, 
  booktitle={IEEE International Conference on Fuzzy Systems (FUZZ-IEEE)}, 
  title={Stochastic gradient descent based fuzzy clustering for large data}, year={2014}, 
  month={July}, 
  pages={2511-2518}, 
}

@INPROCEEDINGS{Lee:2013, 
  author={Wui Lee Chang and Kai Meng Tay and Chee Peng Lim}, 
  booktitle={IEEE International Conference on Fuzzy Systems (FUZZ-IEEE)}, 
  title={Enhancing an Evolving Tree-based text document visualization model with Fuzzy c-Means clustering}, 
  year={2013}, 
  month={July}, 
  pages={1-6}, 
}

@INPROCEEDINGS{6622386, 
  author={Muranishi, M. and Honda, K. and Notsu, A. and Ichihashi, H.}, 
  booktitle={IEEE International Conference on Fuzzy Systems (FUZZ-IEEE)}, 
  title={A cluster validity index for FCM-type co-clustering}, 
  year={2013}, 
  month={July}, 
  pages={1-6}, 
}

@INPROCEEDINGS{Plaza:2012, 
  author={Garcia-Plaza, A.P. and Fresno, V. and Martinez, R.}, 
  booktitle={IEEE International Conference on Fuzzy Systems (FUZZ-IEEE)}, 
  title={Fitting document representation to specific datasets by adjusting membership functions}, 
  year={2012}, 
  month={June}, 
  pages={1-8}, 
}

@ARTICLE{Bezdek2015,
  author={Kumar, D. and Bezdek, J.C. and Palaniswami, M. and Rajasegarar, S. and Leckie, C. and Havens, T.C.},
  journal={IEEE Transactions on Cybernetics},
  title={A Hybrid Approach to Clustering in Big Data},
  year={2015},
  volume={PP},
  number={99},
  pages={1-1},
}

@INPROCEEDINGS{Yang2015,
  author={Jie Yang and Jun Ma},
  booktitle={International Conference on Fuzzy systems (FUZZ-IEEE)},
  title={A big-data processing framework for uncertainties in transportation data},
  year={2015},
  pages={1-6},
}

@INPROCEEDINGS{Chotipant2015,
  author={Chotipant, S. and Hussain, F.K. and Hussain, O.K.},
  booktitle={International Conference on Fuzzy Systems (FUZZ-IEEE)},
  title={An automated and fuzzy approach for semantically annotating services},
  year={2015},
  pages={1-7},
}

@INPROCEEDINGS{Popescu2015,
  author={Popescu, M. and Keller, J. and Bezdek, J. and Zare, A.},
  booktitle={IEEE International Conference on Fuzzy Systems (FUZZ-IEEE)},
  title={Random projections fuzzy c-means (RPFCM) for big data clustering},
  year={2015},
  pages={1-6},
}

@article{Iglesias2016,
  title = "Web news mining in an evolving framework ",
  journal = "Information Fusion ",
  volume = "28",
  pages = "90-98",
  year = "2016",
  author = "José Antonio Iglesias and Alexandra Tiemblo and Agapito Ledezma and Araceli Sanchis",
}

@INPROCEEDINGS{Ganesan2014,
  author={Simhachalam, B. and Ganesan, G.},
  booktitle={International Conference on Contemporary Computing and Informatics (IC3I)},
  title={Possibilistic Fuzzy C-means clustering on medical diagnostic systems},
  year={2014},
  pages={1125-1129},
}

@ARTICLE{Liu2015,
  author={I-Jen Chiang and Liu, C.C.-H. and Yi-Hsin Tsai and Kumar, A.},
  journal={IEEE Transactions on Fuzzy Systems},
  title={Discovering Latent Semantics in Web Documents Using Fuzzy Clustering},
  year={2015},
  volume={23},
  number={6},
  pages={2122-2134},
}

@INPROCEEDINGS{Prajapati2015,
  author={Naik, M.P. and Prajapati, H.B. and Dabhi, V.K.},
  booktitle={IEEE International Conference on Electrical, Computer and Communication Technologies (ICECCT)},
  title={A survey on semantic document clustering},
  year={2015},
  pages={1-10},
}

@inproceedings{SamdaniChRo14,
  title={A Discriminative Latent Variable Model for Online Clustering},
  author={Samdani, Rajhans and Chang, Kai-Wei and Roth, Dan},
  booktitle={International Conference on Machine Learning},
  year={2014},
  pages={1-9},
}

@article{BelloOrgaz2016,
  title = "Social big data: Recent achievements and new challenges ",
  journal = "Information Fusion ",
  author = "Gema Bello-Orgaz and Jason J. Jung and David Camacho",
  volume = "28",
  pages = "45-59",
  year = "2016",
}

@book{Bellman1961,
  author = {R.  Bellman},
  title = {Adaptive  Control  Processes:  A  Guided  Tour},
  year = {1961},
  publisher = {Princeton University Press},
  address = {Princeton, New Jersey, USA},
}

@incollection{Steinbach2004,
  year={2004},
  isbn={978-3-642-07739-5},
  booktitle={New Directions in Statistical Physics},
  title={The Challenges of Clustering High Dimensional Data},
  publisher={Springer Berlin Heidelberg},
  author={Michael Steinbach and Levent Ertöz and Vipin Kumar},
  pages={273-309},
}

@INPROCEEDINGS{Kumar2010,
  author={Subhashini, R. and Kumar, V.J.S.},
  booktitle={First International Conference on Integrated Intelligent Computing (ICIIC)},
  title={Evaluating the Performance of Similarity Measures Used in Document Clustering and Information Retrieval},
  year={2010},
  pages={27-31},
}
Integrated Intelligent Computing (ICIIC)
  @INPROCEEDINGS{Pal1997,
    author={Pal, N.R. and Pal, K. and Bezdek, J.C.},
    booktitle={International Conference on Fuzzy Systems (FUZZ-IEEE)},
    title={A mixed c-means clustering model},
    year={1997},
    volume={1},
    pages={11-21 vol.1},
  }

@article{Grover2014,
  title = "A study of various Fuzzy Clustering Algorithms",
  journal = "International Journal of Engineering Research",
  author = "Nidhi Grover",
  volume = "3",
  pages = "177-181",
  year = "2014",
}

@inproceedings{Yan:2009,
  author = {Yan, Yang and Chen, Lihui},
  title = {Hyperspherical Possibilistic Fuzzy C-means for High-dimensional Data Clustering},
  booktitle = {Proceedings of the 7th International Conference on Information, Communications and Signal Processing},
  series = {ICICS'09},
  year = {2009},
  isbn = {978-1-4244-4656-8},
  location = {Macau, China},
  pages = {637--641},
}

@ARTICLE{Bezdek2012,
  author={Havens, T.C. and Bezdek, J.C. and Leckie, C. and Hall, L.O. and Palaniswami, M.},
  journal={IEEE Transactions on Fuzzy Systems},
  title={Fuzzy c-Means Algorithms for Very Large Data},
  year={2012},
  volume={20},
  number={6},
  pages={1130-1146},
}

@article{Zadeh1965,
  title = "Fuzzy sets",
  journal = "Information and Control",
  volume = "8",
  number = "3",
  pages = "338 - 353",
  year = "1965",
  note = "",
  issn = "0019-9958",
  doi = "http://dx.doi.org/10.1016/S0019-9958(65)90241-X",
  url = "http://www.sciencedirect.com/science/article/pii/S001999586590241X",
  author = "L.A. Zadeh",

}
@book{Chen2000,
      author        = "Chen, Guanrong",
      title         = "{Introduction to Fuzzy Sets, Fuzzy Logic, and Fuzzy
                       Control Systems}",
      publisher     = "CRC Press",
      address       = "Hoboken, NJ",
      year          = "2000",
      url           = "https://cds.cern.ch/record/1250131",
}

@article{Haddi2013,
  title = "The Role of Text Pre-processing in Sentiment Analysis ",
  journal = "Procedia Computer Science ",
  volume = "17",
  number = "",
  pages = "26 - 32",
  year = "2013",
  note = "First International Conference on Information Technology and Quantitative Management ",
  issn = "1877-0509",
  doi = "http://dx.doi.org/10.1016/j.procs.2013.05.005",
  url = "http://www.sciencedirect.com/science/article/pii/S1877050913001385",
  author = "Emma Haddi and Xiaohui Liu and Yong Shi",
  keywords = "Sentiment Analysis",
  keywords = "Text Pre-processing",
  keywords = "Feature Selection",
  keywords = "Chi Squared",
  keywords = "SVM "
}

@article{Bezdek1984,
  title = "FCM: The fuzzy c-means clustering algorithm",
  journal = "Computers \& Geosciences",
  volume = "10",
  number = "2",
  pages = "191 - 203",
  year = "1984",
  note = "",
  issn = "0098-3004",
  doi = "http://dx.doi.org/10.1016/0098-3004(84)90020-7",
  url = "http://www.sciencedirect.com/science/article/pii/0098300484900207",
  author = "James C. Bezdek and Robert Ehrlich and William Full",
  keywords = "Cluster analysis",
  keywords = "Cluster validity",
  keywords = "Fuzzy clustering",
  keywords = "Fuzzy QMODEL",
  keywords = "Least-squared errors"
}
@article{Zhang2008,
  author = {Chengzhi Zhang and Hongjiao Xu},
  title = {Clustering Description Extraction Based on Statistical Machine Learning},
  journal ={Intelligent Information Technology Applications, 2007 Workshop on},
  volume = {2},
  isbn = {978-0-7695-3497-8},
  year = {2008},
  pages = {22-26},
  doi = {http://doi.ieeecomputersociety.org/10.1109/IITA.2008.114},
  publisher = {IEEE Computer Society},
  address = {Los Alamitos, CA, USA},
}
@article{Rios2010,
  author = {Rios, A. R. and Mello, F. R.},
  title ={A SYSTEMATIC LITERATURE REVIEW ON DECOMPOSITION APPROACHES TO ESTIMATE TIME SERIES COMPONENTS},
  journal = {Journal of Computer Science},
  year = {2010}
}

@inproceedings{Pucktada2006,
  added-at = {2006-09-28T00:00:00.000+0200},
  author = {Treeratpituk, Pucktada and Callan, Jamie},
  biburl = {http://www.bibsonomy.org/bibtex/297a73f117894eadbcc595db9bcb7c2d2/dblp},
  booktitle = {DG.O},
  editor = {Fortes, José A. B. and Macintosh, Ann},
  ee = {http://doi.acm.org/10.1145/1146598.1146650},
  interhash = {18f18b6377ecfe3ade702b14a1f552c6},
  intrahash = {97a73f117894eadbcc595db9bcb7c2d2},
  keywords = {dblp},
  pages = {167-176},
  publisher = {Digital Government Research Center},
  series = {ACM International Conference Proceeding Series},
  timestamp = {2015-11-24T11:48:37.000+0100},
  title = {Automatically labeling hierarchical clusters.},
  url = {http://dblp.uni-trier.de/db/conf/dgo/dgo2006.html#TreeratpitukC06},
  volume = 151,
  year = 2006
}

@inproceedings{Matsumoto10,
  added-at = {2011-09-03T00:00:00.000+0200},
  author = {Matsumoto, Takazumi and Hung, Edward},
  biburl = {http://www.bibsonomy.org/bibtex/2d491d4823afaba09f2c87b0e0f3b1d37/dblp},
  booktitle = {FUZZ-IEEE},
  ee = {http://dx.doi.org/10.1109/FUZZY.2010.5584771},
  interhash = {34a20101f4f508ca84af095327edc685},
  intrahash = {d491d4823afaba09f2c87b0e0f3b1d37},
  isbn = {978-1-4244-6919-2},
  keywords = {dblp},
  pages = {1-8},
  publisher = {IEEE},
  timestamp = {2011-09-06T11:33:51.000+0200},
  title = {Fuzzy clustering and relevance ranking of web search results with differentiating cluster label generation.},
  url = {http://dblp.uni-trier.de/db/conf/fuzzIEEE/fuzzIEEE2010.html#MatsumotoH10},
  year = 2010
}


@inproceedings{MarcaciniR10,
  author    = {Ricardo M. Marcacini and
               Solange O. Rezende},
  title     = {Incremental Construction of Topic Hierarchies using Hierarchical Term
               Clustering},
  booktitle = {Proceedings of the 22nd International Conference on Software Engineering
               {\&} Knowledge Engineering (SEKE'2010), Redwood City, San Francisco
               Bay, CA, USA, July 1 - July 3, 2010},
  pages     = {553},
  year      = {2010},
  crossref  = {DBLP:conf/seke/2010},
  timestamp = {Mon, 29 Nov 2010 22:32:42 +0100},
  biburl    = {http://dblp.uni-trier.de/rec/bib/conf/seke/MarcaciniR10},
  bibsource = {dblp computer science bibliography, http://dblp.org}
}

@proceedings{DBLP:conf/seke/2010,
  title     = {Proceedings of the 22nd International Conference on Software Engineering
               {\&} Knowledge Engineering (SEKE'2010), Redwood City, San Francisco
               Bay, CA, USA, July 1 - July 3, 2010},
  publisher = {Knowledge Systems Institute Graduate School},
  year      = {2010},
  isbn      = {1-891706-26-8},
  timestamp = {Mon, 29 Nov 2010 22:29:39 +0100},
  biburl    = {http://dblp.uni-trier.de/rec/bib/conf/seke/2010},
  bibsource = {dblp computer science bibliography, http://dblp.org}
}

